<collection xmlns="http://www.loc.gov/MARC21/slim">
<record>
  <leader>02924nam a22001810  450 </leader>
  <controlfield tag="001">21528773</controlfield>
  <controlfield tag="005">20180924151503.0</controlfield>
  <controlfield tag="008">000000s1996    dk ||||       00| | dan d</controlfield>
  <datafield tag="084" ind1=" " ind2=" ">
    <subfield code="a">08.0000</subfield>
    <subfield code="2">z</subfield>
  </datafield>
  <datafield tag="245" ind1="0" ind2="0">
    <subfield code="a">Tegnsæt-test til Indvandrerbiblioteket.</subfield>
  </datafield>
  <datafield tag="260" ind1=" " ind2=" ">
    <subfield code="b">[S.n.].</subfield>
  </datafield>
  <datafield tag="500" ind1=" " ind2=" ">
    <subfield code="a">, ơ, Ơ, ư, Ư, slavisk bødt tegn: ʹt, ʹ, ʹd, ʹT, ʹD,nyt:skema 7: ↑. ↓, \, skema 1: Γ, Δ, Θ, Λ, Ξ, Π, Σ, Φ, Ω, α, β, γ, δ, ε, ζ , η, θ, ι, κ, λ, μ, ν, ξ, ο, π, ρ, σ, τ, υ, φ, χ, Ψ, ω, ς.</subfield>
  </datafield>
  <datafield tag="500" ind1=" " ind2=" ">
    <subfield code="a">(under stjerne) eller à (ved aigu)?, aigu: á, â, ñ, dobbelt tilde: ~%Tn, ā NYT: slavisk hårdt tegn: ʺ, ʺo, ʺa, ʺO. ayn: ta%Ya. dobbelt tilde: ã%Ta, ~%T, ñ%Tn. ligatur: a︠a︡. aigu: med tegn (nederste) á, &apos;A, ú, í, &apos;I, ó, Ó, ý, Ý, é, É aigu med  ̈á, ú, í, é. grave med tegn: à, À, ù, Ù, ỳ ò, Ò, ì, Ì,è, È med .̈</subfield>
  </datafield>
  <datafield tag="500" ind1=" " ind2=" ">
    <subfield code="a">ğ, ȧ, ä, hacek: ǎ, å, ligatur: a︠ a︡, k̕, ő, ç Ç, s̜, a̐, NYT skema 7: ↑, ↓, \, dobbelt understreg: k̳.</subfield>
  </datafield>
  <datafield tag="504" ind1=" " ind2=" ">
    <subfield code="a">skema 4: á, &apos;A, é, É, í, &apos;I, ó, ý, Ý, Á, Í, Ú, grave: à, À, è, È, ì, Ì, ò,NYT: aigu: Á, Ú el &apos;A, &apos;U. hård blank: a a. promille: ‰. højrepil: →. 0303: ù, Ù, \ (backslash), promille: ‰,  obb. aigu: ő, Ő, ű, Ű, ợ, ự, ở, ớ.</subfield>
  </datafield>
  <datafield tag="505" ind1="0" ind2=" ">
    <subfield code="a">a̮, højrekrog: ų ǫ, ṭ, t̤, t̥, k̳, Ë (trema), ḁ, a̳, a̦, ë</subfield>
  </datafield>
  <datafield tag="520" ind1="8" ind2=" ">
    <subfield code="a">a, b, c, d, e, f, g, h, i, j, k, l, m, n, o, p, q, r ,s, t, u, v, w, x, y, z, æ ,ø, å, A, B, C, D, E, F, G, H, I, J, K, L, M, N, O, P, Q, R, S, T, U, V, W, X, Y, Z, Æ, Ø, Å, 1, 2, 3, 4, 5, 6, 7, 8, 9, 0, +, !, &quot;a&quot;, #, , %, &amp;, /, (, ), =. ?, á, à, ü, £, $, [, ], {, }, â, ñ, &lt;, &gt;, \, ., -, ;, :, ,̲ ꜳ, Ꜳ, ü, Ü, ä, Ä, ö, Ö, ß, ĸ, ð, đ, Ð, þ, Þ, œ, Œ, ł, Ł, ı % a̮, ą, ạ, a̤, ḁ, a̳, a̦, ë, , Ò, &apos;u, Ù, ỳ, circonflex: â, Â, ê, Ê, î, Î, ô, Ô, û, Û, tilde: ã, Ã, ñ, Ñ, õ, Õ, ë, Ë, Ï, ı̈, ÿ, Ë, Ï, ä, ç Ç, ş, blank: a a, !, &quot;, &apos;, (, ), ,, -, ., /, :, ;, ?, », «, [, ], {, }, ¿, ¡, —,  ̉ủ, a a, skema 6: #, $, %, &amp;, *, +, &lt;, &gt;, =, ≠, ·, ♭, ®, ±, £, aragraf kan ikke °, †, ‰, ∫, ∞, √, ÷, →, ×, skema 7: ↑. ↓, \, skema 1: Γ, Δ, Θ, Λ, Ξ, Π, Σ, Φ, Ω, α, β, γ, δ, ε, ζ, η, θ, ι, κ, λ, μ, ν, ξ, ο, π, ρ, σ, τ, υ, φ, χ, Ψ, ω, ς vietn: Ả, ơ, ư, ỏ, ờ, ừ, ớ, ứ, Ð, đ.</subfield>
  </datafield>
  <datafield tag="546" ind1=" " ind2=" ">
    <subfield code="a">slavisk hårdt tegn: #2, ʺo, ʺO, alif: ʼ, ayn: ʻa, taʻa,  ̲, grave: &apos;a NYT: vietn: Ả, ơ, ư, ỏ, ờ, ừ, ớ, ứ, Ð, đ.</subfield>
  </datafield>
</record>
</collection>
